<record><leader>00000cas a22000007a 4500</leader><controlfield tag="001">15554175</controlfield><controlfield tag="008">870420d185418uuctuwr ne      0    0eng d</controlfield><datafield ind1=" " ind2=" " tag="010"><subfield code="a">sn 87078306 </subfield></datafield><datafield ind1=" " ind2=" " tag="040"><subfield code="a">NPH</subfield><subfield code="b">eng</subfield><subfield code="c">NPH</subfield><subfield code="d">CNW</subfield><subfield code="d">OCL</subfield><subfield code="d">CNW</subfield><subfield code="d">OCLCQ</subfield><subfield code="d">OCLCF</subfield><subfield code="d">OCLCO</subfield></datafield><datafield ind1="1" ind2=" " tag="029"><subfield code="a">AU@</subfield><subfield code="b">000020490633</subfield></datafield><datafield ind1=" " ind2=" " tag="042"><subfield code="a">msc</subfield></datafield><datafield ind1=" " ind2=" " tag="043"><subfield code="a">n-us-ct</subfield></datafield><datafield ind1="0" ind2="0" tag="245"><subfield code="a">Tolland County gazette.</subfield></datafield><datafield ind1="3" ind2="0" tag="246"><subfield code="a">Tolland Co. gazette</subfield><subfield code="f">&lt;July 13-Aug. 24, 1854&gt;</subfield></datafield><datafield ind1=" " ind2=" " tag="260"><subfield code="a">Rockville, Conn. :</subfield><subfield code="b">Wells &amp; Webb</subfield></datafield><datafield ind1=" " ind2=" " tag="300"><subfield code="a">v. ;</subfield><subfield code="c">61 cm.</subfield></datafield><datafield ind1=" " ind2=" " tag="310"><subfield code="a">Weekly</subfield></datafield><datafield ind1="1" ind2=" " tag="362"><subfield code="a">Began Apr. 1854.</subfield></datafield><datafield ind1=" " ind2=" " tag="500"><subfield code="a">"A weekly journal independent in all things, and neutral in politics."</subfield></datafield><datafield ind1=" " ind2=" " tag="515"><subfield code="a">Issues for &lt;June 7, 1855-Mar. 1, 1860&gt; also called: &lt;Whole no. 60-307&gt;.</subfield></datafield><datafield ind1=" " ind2=" " tag="530"><subfield code="a">Also issued on microfilm from Connecticut State Library, Hartford, CT.</subfield></datafield><datafield ind1=" " ind2=" " tag="588"><subfield code="a">Description based on: Vol. 1, no. 13 (July 13, 1854).</subfield></datafield><datafield ind1=" " ind2="0" tag="651"><subfield code="a">Rockville (Conn.)</subfield><subfield code="v">Newspapers.</subfield></datafield><datafield ind1=" " ind2="0" tag="651"><subfield code="a">Vernon (Conn.)</subfield><subfield code="v">Newspapers.</subfield></datafield><datafield ind1=" " ind2="0" tag="651"><subfield code="a">Tolland County (Conn.)</subfield><subfield code="v">Newspapers.</subfield></datafield><datafield ind1=" " ind2="7" tag="655"><subfield code="a">Newspapers.</subfield><subfield code="2">fast</subfield><subfield code="0">(OCoLC)fst01423814</subfield></datafield><datafield ind1=" " ind2="7" tag="651"><subfield code="a">Connecticut</subfield><subfield code="z">Rockville.</subfield><subfield code="2">fast</subfield><subfield code="0">(OCoLC)fst01219265</subfield></datafield><datafield ind1=" " ind2="7" tag="651"><subfield code="a">Connecticut</subfield><subfield code="z">Tolland County.</subfield><subfield code="2">fast</subfield><subfield code="0">(OCoLC)fst01220998</subfield></datafield><datafield ind1=" " ind2="7" tag="651"><subfield code="a">Connecticut</subfield><subfield code="z">Vernon.</subfield><subfield code="2">fast</subfield><subfield code="0">(OCoLC)fst01219261</subfield></datafield><datafield ind1=" " ind2=" " tag="752"><subfield code="a">United States</subfield><subfield code="b">Connecticut</subfield><subfield code="c">Tolland</subfield><subfield code="d">Rockville.</subfield></datafield></record>